@inproceedings{Pan:2010:CSC:1772690.1772767,
 author = {Pan, Sinno Jialin and Ni, Xiaochuan and Sun, Jian-Tao and Yang, Qiang and Chen, Zheng},
 title = {Cross-domain Sentiment Classification via Spectral Feature Alignment},
 booktitle = {Proceedings of the 19th International Conference on World Wide Web},
 series = {WWW '10},
 year = {2010},
 isbn = {978-1-60558-799-8},
 location = {Raleigh, North Carolina, USA},
 pages = {751--760},
 numpages = {10},
 url = {http://doi.acm.org/10.1145/1772690.1772767},
 doi = {10.1145/1772690.1772767},
 acmid = {1772767},
 publisher = {ACM},
 address = {New York, NY, USA},
 keywords = {domain adaptation, feature alignment, opinion mining, sentiment classification, transfer learning},
}

@inproceedings{Lin:2014:EEM:2661829.2662071,
 author = {Lin, Cong-Kai and Lee, Yang-Yin and Yu, Chi-Hsin and Chen, Hsin-Hsi},
 title = {Exploring Ensemble of Models in Taxonomy-based Cross-Domain Sentiment Classification},
 booktitle = {Proceedings of the 23rd ACM International Conference on Conference on Information and Knowledge Management},
 series = {CIKM '14},
 year = {2014},
 isbn = {978-1-4503-2598-1},
 location = {Shanghai, China},
 pages = {1279--1288},
 numpages = {10},
 url = {http://doi.acm.org/10.1145/2661829.2662071},
 doi = {10.1145/2661829.2662071},
 acmid = {2662071},
 publisher = {ACM},
 address = {New York, NY, USA},
 keywords = {domain adaptation, ensemble learning, opinion mining, sentiment classification},
}

@article{WU201726,
title = "Domain-specific sentiment classification via fusing sentiment knowledge from multiple sources",
journal = "Information Fusion",
volume = "35",
pages = "26 - 37",
year = "2017",
issn = "1566-2535",
doi = "https://doi.org/10.1016/j.inffus.2016.09.001",
url = "http://www.sciencedirect.com/science/article/pii/S1566253516300653",
author = "Fangzhao Wu and Yongfeng Huang and Zhigang Yuan",
keywords = "Sentiment classification, Information fusion, Domain adaptation"
}

@inbook{doi:10.1137/1.9781611974973.53,
author = {Arun Reddy Nelakurthi and Hanghang Tong and Ross Maciejewski and Nadya Bliss and Jingrui He},
title = {User-guided Cross-domain Sentiment Classification},
booktitle = {Proceedings of the 2017 SIAM International Conference on Data Mining},
chapter = {},
pages = {471-479},
doi = {10.1137/1.9781611974973.53},
URL = {https://epubs.siam.org/doi/abs/10.1137/1.9781611974973.53},
eprint = {https://epubs.siam.org/doi/pdf/10.1137/1.9781611974973.53}
}

@inproceedings{Wu:2016:SDA:2983323.2983851,
 author = {Wu, Fangzhao and Wu, Sixing and Huang, Yongfeng and Huang, Songfang and Qin, Yong},
 title = {Sentiment Domain Adaptation with Multi-Level Contextual Sentiment Knowledge},
 booktitle = {Proceedings of the 25th ACM International on Conference on Information and Knowledge Management},
 series = {CIKM '16},
 year = {2016},
 isbn = {978-1-4503-4073-1},
 location = {Indianapolis, Indiana, USA},
 pages = {949--958},
 numpages = {10},
 url = {http://doi.acm.org/10.1145/2983323.2983851},
 doi = {10.1145/2983323.2983851},
 acmid = {2983851},
 publisher = {ACM},
 address = {New York, NY, USA},
 keywords = {domain adaptation, sentiment classification},
}